
@inproceedings{kessler1993cray,
  title={{Cray T3D: A new dimension for Cray} Research},
  author={Kessler, Richard E and Schwarzmeier, James L},
  booktitle={Compcon Spring'93, Digest of Papers.},
  pages={176--182},
  year={1993},
  organization={IEEE}
}
@inproceedings{OpenSHMEM,
  title={Introducing OpenSHMEM: SHMEM for the PGAS community},
  author={Chapman, Barbara and Curtis, Tony and Pophale, Swaroop and Poole, Stephen and Kuehn, Jeff and Koelbel, Chuck and Smith, Lauren},
  booktitle={Proceedings of the Fourth Conference on Partitioned Global Address Space Programming Model},
  pages={2},
  year={2010},
  organization={ACM}
}
@misc{TraleikaGlacier,
  title={{Traleika Glacier}},
  url={https://xstackwiki.modelado.org/Traleika_Glacier},
}
@Inproceedings{UHJM2015, 
 author={U. Hanebutte and J. Hemstad}, 
 booktitle={Partitioned Global Address Space Programming Models (PGAS), 2015 9th International Conference on}, 
 title={ISx: A Scalable Integer Sort for Co-design in the Exascale Era}, 
 year={2015}, 
 pages={102-104}, 
 doi={10.1109/PGAS.2015.21}, 
 month={Sept},
}
@inproceedings{LJKS12,
 author = {Lifflander, Jonathan and Krishnamoorthy, Sriram and Kale, Laxmikant V.},
 title = {Work Stealing and Persistence-based Load Balancers for Iterative Overdecomposed Applications},
 booktitle = {HPDC},
 year = {2012},
 isbn = {978-1-4503-0805-2},
 pages = {137--148},
 numpages = {12},
 doi = {10.1145/2287076.2287103},
 acmid = {2287103},
} 
@techreport{recio2005rdma,
  title={An {RDMA} protocol specification},
  author={Recio, Ro and Culley, P and Garcia, D and Hilland, J and Metzler, B},
  year={2005},
  institution={IETF Internet-draft draft-ietf-rddp-rdmap-03. txt (work in progress)}
}
@techreport{gasnet,
 author = {Bonachea, Dan},
 title = {{GASNet} Specification, V1.1},
 year = {2002},
 source = {http://www.ncstrl.org:8900/ncstrl/servlet/search?formname=detail\&id=oai%3Ancstrlh%3Aucb%3AUCB%2F%2FCSD-02-1207},
 publisher = {University of California at Berkeley},
 address = {Berkeley, CA, USA},
} 
@Inproceedings{PJTO2013,
 author = {Paudel, Jeeva and Tardieu, Olivier and Amaral, Jos{\'e} Nelson},
 title = {On the Merits of Distributed Work-Stealing on Selective Locality-Aware Tasks},
 booktitle = {ICPP},
 year = {2013},
 isbn = {978-0-7695-5117-3},
 pages = {100--109},
 numpages = {10},
 doi = {10.1109/ICPP.2013.19},
 acmid = {2571017},
}
@misc{bupc,
  title={Berkeley Unified Parallel {C}},
  url={http://upc.lbl.gov/},
}
@misc{edison-nersc,
  title={Edison supercomputer at {NERSC}},
  url={https://www.nersc.gov/users/computational-systems/edison/configuration/},
}
@misc{hcupc-github,
  title={{HabaneroUPC++}},
  url={https://github.com/habanero-rice/habanero-upc},
}
@misc{uts-mpi,
  title={{UTS}},
  url={https://github.com/perarnau/uts},
}
@misc{uts-upc,
  title={{UTS}-1.1},
  url={http://sourceforge.net/p/uts-benchmark/wiki/Home/},
}
@INPROCEEDINGS{OSPJ2008, 
author={Olivier, S. and Prins, J.}, 
booktitle={ICPP},
title={Scalable Dynamic Load Balancing Using {UPC}}, 
year={2008}, 
pages={123-131}, 
doi={10.1109/ICPP.2008.19}, 
ISSN={0190-3918},
}
@Inproceedings{KVZY2014,
 author = {Kumar, Vivek and Zheng, Yili and Cav{\'e}, Vincent and Budimli\'{c}, Zoran and Sarkar, Vivek},
 title = {{HabaneroUPC++}: A Compiler-free {PGAS} Library},
 booktitle = {PGAS},
 year = {2014},
 isbn = {978-1-4503-3247-7},
 pages = {5:1--5:10},
 articleno = {5},
 numpages = {10},
 doi = {10.1145/2676870.2676879},
 acmid = {2676879},
} 
@Inproceedings{PSSM2014,
 author = {Perarnau, Swann and Sato, Mitsuhisa},
 title = {Victim Selection and Distributed Work Stealing Performance: A Case Study},
 booktitle = {IPDPS},
 year = {2014},
 isbn = {978-1-4799-3800-1},
 pages = {659--668},
 numpages = {10},
 acmid = {2650570},
 publisher = {IEEE Computer Society},
}
@Incollection{JVHK2012,
year={2012},
isbn={978-3-642-32819-0},
booktitle={Euro-Par 2012 Parallel Processing},
volume={7484},
doi={10.1007/978-3-642-32820-6_17},
title={Using Load Information in Work-Stealing on Distributed Systems with Non-uniform Communication Latencies},
publisher={Springer Berlin Heidelberg},
author={Janjic, Vladimir and Hammond, Kevin},
pages={155-166},
}
@Inproceedings{BAMK2013,
 author = {Bhatele, Abhinav and Mohror, Kathryn and Langer, Steven H. and Isaacs, Katherine E.},
 title = {There Goes the Neighborhood: Performance Degradation Due to Nearby Jobs},
 booktitle = {SC},
 year = {2013},
 isbn = {978-1-4503-2378-9},
 pages = {41:1--41:12},
 articleno = {41},
 numpages = {12},
 doi = {10.1145/2503210.2503247},
 acmid = {2503247},
 publisher = {ACM},
}
@Phdthesis{JD2010,
  title={Scalable Task Parallel Programming in the Partitioned Global Address Space},
  author={Dinan, James S},
  year={2010},
  school={The Ohio State University}
}
@Incollection{RKLS2011,
year={2011},
isbn={978-3-642-23399-9},
booktitle={Euro-Par 2011 Parallel Processing},
volume={6852},
doi={10.1007/978-3-642-23400-2_20},
title={Work Stealing for Multi-core HPC Clusters},
publisher={Springer Berlin Heidelberg},
author={Ravichandran, Kaushik and Lee, Sangho and Pande, Santosh},
pages={205-217},
language={English}
}
@Inproceedings{VNR2001,
 author = {van Nieuwpoort, Rob V. and Kielmann, Thilo and Bal, Henri E.},
 title = {Efficient Load Balancing for Wide-area Divide-and-conquer Applications},
 booktitle = {PPoPP},
 year = {2001},
 isbn = {1-58113-346-4},
 pages = {34--43},
 numpages = {10},
 doi = {10.1145/379539.379563},
 acmid = {379563},
 publisher = {ACM},
} 
@TechReport{CORINERSC,
author={Dosanjh, Sudip},
title={Cori {(NERSC-8)}},
institution={NERSC},
year={2014},
abstract={NERSC},
url={http://www.orau.gov/scidac3pi2014/presentations/Thurs_Dosanjh.pdf}
}
@Inproceedings{SIVS14,
 author = {Imam, Shams and Sarkar, Vivek},
 title = {Habanero-Java Library: A {Java} 8 Framework for Multicore Programming},
 booktitle = {PPPJ},
 year = {2014},
 isbn = {978-1-4503-2926-2},
 pages = {75--86},
 numpages = {12},
 doi = {10.1145/2647508.2647514},
 acmid = {2647514},
} 
@Article{DARPA08,
  title={Exascale computing study: Technology challenges in achieving exascale systems},
  author={Bergman, Keren and others},
  journal={DARPA IPTO, Tech. Rep},
  volume={15},
  year={2008}
}
@inproceedings{KT09,
 author = {Taura, Kenjiro and Tabata, Kunio and Yonezawa, Akinori},
 title = {{StackThreads/MP}: Integrating Futures into Calling Standards},
 booktitle = {PPoPP},
 year = {1999},
 isbn = {1-58113-100-3},
 pages = {60--71},
 numpages = {12},
 doi = {10.1145/301104.301110},
 acmid = {301110},
} 
@article{NVCUDA07,
  key = {NVCUDA07},
  title={Compute unified device architecture programming guide},
  year={NVIDIA, 2007}
}
@Book{DP11,
year={2011},
isbn={978-0-387-09765-7},
booktitle={Encyclopedia of Parallel Computing},
doi={10.1007/978-0-387-09766-4_515},
title={R-Stream Compiler},
author={Meister, Benoit and Vasilache, Nicolas and Wohlford, David and Baskaran, MuthuManikandan and Leung, Allen and Lethin, Richard},
pages={1756-1765},
publisher={Springer US},
}
@Inproceedings{BJG04,
 author = {Fraguela, Basilio B. and Guo, Jia and Bikshandi, Ganesh and Garzar\'{a}n, Mar\'{\i}a J. and Alm\'{a}si, Gheorghe and Moreira, Jos{\'e} and Padua, David},
 title = {The Hierarchically Tiled Arrays Programming Approach},
 booktitle = {LCR},
 year = {2004},
 pages = {1--12},
 numpages = {12},
 doi = {10.1145/1066650.1066657},
 acmid = {1066657},
} 
@Inproceedings{MAZV10,
 author = {Grossman, Max and Sb\^{\i}rlea, Alina Simion and Budimli\'{c}, Zoran and Sarkar, Vivek},
 title = {{CnC-CUDA}: Declarative Programming for {GPUs}},
 booktitle = {LCPC},
 year = {2011},
 isbn = {978-3-642-19594-5},
 pages = {230--245},
 numpages = {16},
 url = {http://dl.acm.org/citation.cfm?id=1964536.1964552},
 acmid = {1964552},
} 
@misc{hclibweb,
        Title = {{HClib}: a Library Implementation of the {Habanero-C} Language},
        Author = {Cav\`{e}, Vincent},
	Year = {2013},
        howpublished = "\url{http://habanero-rice.github.io/hclib/}",
}
@misc{ocrweb,
        key = {OCR},
        Title = {{Open Community Runtime}},
	Year = {Intel Open Source Technology Center, 2014},
        howpublished = "\url{https://01.org/open-community-runtime/}",
}
@misc{hcweb,
        Title = {{Habanero-C Overview}},
        key = {Rice},
	Year = {Rice University, 2013},
        howpublished = "\url{https://wiki.rice.edu/confluence/display/HABANERO/Habanero-C}",
}
@Inproceedings{WODB14,
 author = {Zhang, Wei and Tardieu, Olivier and Grove, David and Herta, Benjamin and Kamada, Tomio and Saraswat, Vijay and Takeuchi, Mikio},
 title = {{GLB}: Lifeline-based Global Load Balancing Library in {X10}},
 booktitle = {PPAA},
 year = {2014},
 isbn = {978-1-4503-2654-4},
 pages = {31--40},
 numpages = {10},
 doi = {10.1145/2567634.2567639},
 acmid = {2567639},
} 
@Inproceedings{OBDD14,
 author = {Tardieu, Olivier and others},
 title = {X10 and {APGAS} at Petascale},
 booktitle = {PPoPP},
 year = {2014},
 isbn = {978-1-4503-2656-8},
 pages = {53--66},
 numpages = {14},
 doi = {10.1145/2555243.2555245},
 acmid = {2555245},
}
@Inproceedings{DRJMV13,
year={2014},
isbn={978-3-642-54419-4},
volume={8374},
booktitle={Lecture Notes in Computer Science},
editor={an Mey, Dieter and Alexander, Michael and Bientinesi, Paolo and Cannataro, Mario and Clauss, Carsten and Costan, Alexandru and Kecskemeti, Gabor and Morin, Christine and Ricci, Laura and Sahuquillo, Julio and Schulz, Martin and Scarano, Vittorio and Scott, StephenL. and Weidendorfer, Josef},
doi={10.1007/978-3-642-54420-0_19},
title={Compiler-Driven Data Layout Transformation for Heterogeneous Platforms},
author={Majeti, Deepak and Barik, Rajkishore and Zhao, Jisheng and Grossman, Max and Sarkar, Vivek},
pages={188-197},
language={English}
}
@Article{IAJB13,
author = {Ian Karlin and Abhinav Bhatele and Jeff Keasler and Bradford L. Chamberlain and Jonathan Cohen and Zachary Devito and Riyaz Haque and Dan Laney and Edward Luke and Felix Wang and David Richards and Martin Schulz and Charles H. Still},
title = {Exploring Traditional and Emerging Parallel Programming Models Using a Proxy Application},
journal ={Parallel and Distributed Processing Symposium, International},
volume = {0},
issn = {1530-2075},
year = {2013},
pages = {919-932},
doi = {http://doi.ieeecomputersociety.org/10.1109/IPDPS.2013.115},
}
@Article{WA70,
 author = {Frazer, W. D. and McKellar, A. C.},
 title = {Samplesort: A Sampling Approach to Minimal Storage Tree Sorting},
 journal = {J. ACM},
 issue_date = {July 1970},
 volume = {17},
 number = {3},
 month = jul,
 year = {1970},
 issn = {0004-5411},
 pages = {496--507},
 numpages = {12},
 doi = {10.1145/321592.321600},
 acmid = {321600},
} 
@Inproceedings{CKJ13,
author={Yang, Chaoran and Murthy, K. and Mellor-Crummey, J.},
title={Managing Asynchronous Operations in {Coarray Fortran} 2.0},
year={2013},
booktitle={IPDPS},
month={May},
pages={1321-1332},
doi={10.1109/IPDPS.2013.17},
ISSN={1530-2075},
}
@Inproceedings{IJ08,
author={Patel, I and Gilbert, J.R.},
title={An empirical study of the performance and productivity of two parallel programming models},
booktitle={IPDPS},
year={2008},
month={April},
pages={1-7},
doi={10.1109/IPDPS.2008.4536192},
ISSN={1530-2075},
}

@Inproceedings{LJFSVJM05,
 author = {Hochstein, Lorin and Carver, Jeff and Shull, Forrest and Asgari, Sima and Basili, Victor and Hollingsworth, Jeffrey K. and Zelkowitz, Marvin V.},
 title = {Parallel Programmer Productivity: A Case Study of Novice Parallel Programmers},
 booktitle = {SC},
 year = {2005},
 isbn = {1-59593-061-2},
 pages = {35--},
 doi = {10.1109/SC.2005.53},
 acmid = {1105800},
} 
@Inproceedings{YJYV09,
 author = {Yan, Yonghong and Zhao, Jisheng and Guo, Yi and Sarkar, Vivek},
 title = {Hierarchical Place Trees: A Portable Abstraction for Task Parallelism and Data Movement},
 booktitle = {LCPC},
 year = {2010},
 isbn = {3-642-13373-8, 978-3-642-13373-2},
 pages = {172--187},
 numpages = {16},
 doi = {10.1007/978-3-642-13374-9_12},
 acmid = {2155259},
} 
@Inproceedings{JDVW09,
 author = {Shirako, J. and Peixotto, D. M. and Sarkar, V. and Scherer, W. N.},
 title = {Phaser Accumulators: A New Reduction Construct for Dynamic Parallelism},
 booktitle = {IPDPS},
 year = {2009},
 isbn = {978-1-4244-3751-1},
 pages = {1--12},
 numpages = {12},
 doi = {10.1109/IPDPS.2009.5161071},
 acmid = {1587624},
} 
@Inproceedings{JDVW08,
 author = {Shirako, Jun and Peixotto, David M. and Sarkar, Vivek and Scherer, William N.},
 title = {Phasers: A Unified Deadlock-free Construct for Collective and Point-to-point Synchronization},
 booktitle = {ICS},
 year = {2008},
 isbn = {978-1-60558-158-3},
 pages = {277--288},
 numpages = {12},
 doi = {10.1145/1375527.1375568},
 acmid = {1375568},
}
@Inproceedings{SV11,
 author = {Tasirlar, Sagnak and Sarkar, Vivek},
 title = {Data-Driven Tasks and Their Implementation},
 booktitle = {ICPP},
 year = {2011},
 isbn = {978-0-7695-4510-3},
 pages = {652--661},
 numpages = {10},
 doi = {10.1109/ICPP.2011.87},
 acmid = {2066922},
}
@Inproceedings{YSZV13,
 author = {Chatterjee, Sanjay and Tasirlar, Sagnak and Budimlic, Zoran and Cave, Vincent and Chabbi, Milind and Grossman, Max and Sarkar, Vivek and Yan, Yonghong},
 title = {Integrating Asynchronous Task Parallelism with {MPI}},
 booktitle = {IPDPS},
 year = {2013},
 isbn = {978-0-7695-4971-2},
 pages = {712--725},
 numpages = {14},
 doi = {10.1109/IPDPS.2013.78},
 acmid = {2511396},
}  
@Article{CENY03,
  title={Programming in the partitioned global address space model},
  author={Carlson, Bill and El-Ghazawi, Tarek and Numrich, B and Yelick, Kathy},
  journal={Tutorial at Supercomputing},
  year={2003}
}
@Inproceedings{ZKDSY14,
author={Yili Zheng and Kamil, A. and Driscoll, M.B. and Hongzhang Shan and Yelick, K.}, 
booktitle={IPDPS},
title={{UPC++}: A {PGAS} Extension for {C++}}, 
year={2014}, 
pages={1105-1114}, 
doi={10.1109/IPDPS.2014.115}, 
ISSN={1530-2075},
}
@Inproceedings{phalanx,
  author =       {Garland, Michael and Kudlur, Manjunath and Zheng, Yili},
  title =        {Designing a unified programming model for heterogeneous machines},
  booktitle =       {SC},
  year =         2012,
}

@Article{jarvi2010,
 author = {J\"{a}rvi, Jaakko and Freeman, John},
 title = {C++ Lambda Expressions and Closures},
 journal = {Science of Computer Programming},
 issue_date = {September, 2010},
 volume = {75},
 number = {9},
 year = {2010},
 issn = {0167-6423},
 pages = {762--772},
 doi = {10.1016/j.scico.2009.04.003},
 acmid = {1823255},
} 
@Inproceedings{kumar2014,
 author = {Kumar, Vivek and Blackburn, Stephen M. and Grove, David},
 title = {Friendly Barriers: Efficient Work-stealing with Return Barriers},
 booktitle = {VEE '14},
 year = {2014},
 isbn = {978-1-4503-2764-0},
 pages = {165--176},
 numpages = {12},
 doi = {10.1145/2576195.2576207},
 acmid = {2576207},
}
@Misc{x10url,
  author={{IBM Research}},
  title={X10: Performance and Productivity at Scale},
  year={2012},
  url={http://x10-lang.org/software/download-x10/release-list.html?id=210},
}
@Phdthesis{Ekman2004,
  title={Rewritable reference attributed grammars, design, implementation, and applications},
  author={Ekman, Torbj{\"o}rn},
  year={2004},
  school={Lund University}
}
@Inproceedings{OSAA1989,
 author = {Owicki, S. and Agarwal, A.},
 title = {Evaluating the Performance of Software Cache Coherence},
 booktitle = {ASPLOS III},
 year = {1989},
 isbn = {0-89791-300-0},
 pages = {230--242},
 numpages = {13},
 doi = {10.1145/70082.68204},
 acmid = {68204},
} 
@Inproceedings{KPCA1994,
 author = {Keleher, Pete and Cox, Alan L. and Dwarkadas, Sandhya and Zwaenepoel, Willy},
 title = {TreadMarks: Distributed Shared Memory on Standard Workstations and Operating Systems},
 booktitle = {WTEC'94},
 year = {1994},
 pages = {10--10},
 numpages = {1},
 url = {http://dl.acm.org/citation.cfm?id=1267074.1267084},
 acmid = {1267084},
} 
@Inproceedings{CJBJ1991,
 author = {Carter, John B. and Bennett, John K. and Zwaenepoel, Willy},
 title = {Implementation and Performance of {M}unin},
 booktitle = {SOSP '91},
 year = {1991},
 isbn = {0-89791-447-3},
 pages = {152--164},
 numpages = {13},
 doi = {10.1145/121132.121159},
 acmid = {121159},
} 
@Article{SJNR2005,
 author = {Smith, James E. and Nair, Ravi},
 title = {The Architecture of Virtual Machines},
 journal = {Computer},
 issue_date = {May 2005},
 volume = {38},
 number = {5},
 month = may,
 year = {2005},
 issn = {0018-9162},
 pages = {32--38},
 numpages = {7},
 doi = {10.1109/MC.2005.173},
 acmid = {1069632},
}
@Article{BM2007,
  title={A 30 year retrospective on {Dennard's MOSFET} scaling paper},
  author={Bohr, Mark},
  journal={Solid-State Circuits Newsletter, IEEE},
  volume={12},
  number={1},
  pages={11--13},
  year={2007},
  url={http://dx.doi.org/10.1109/N-SSC.2007.4785534},
}
@Article{ACUD1996,
 author = {Chien, Andrew A.},
 title = {{ICC}++\ --\ {a C}++ Dialect for High Performance Parallel Computing},
 journal = {SIGAPP Appl. Comput. Rev.},
 issue_date = {Spring 1996},
 volume = {4},
 number = {1},
 month = apr,
 year = {1996},
 issn = {1559-6915},
 pages = {19--23},
 numpages = {5},
 doi = {10.1145/240732.240740},
 acmid = {240740},
} 
@Inproceedings{MVFT2006,
 author = {Vaziri, Mandana and Tip, Frank and Dolby, Julian},
 title = {Associating Synchronization Constraints with Data in an Object-oriented Language},
 booktitle = {POPL '06},
 year = {2006},
 isbn = {1-59593-027-2},
 pages = {334--345},
 numpages = {12},
 doi = {10.1145/1111037.1111067},
 acmid = {1111067},
}
@book{WGV1996,
 author = {Wilson, Gregory V.},
 title = {Parallel Programming Using {C++}},
 year = {1996},
 isbn = {0262731185},
}
@Book{LTYF1999,
 author = {Lindholm, Tim and Yellin, Frank},
 title = {Java Virtual Machine Specification},
 year = {1999},
 isbn = {0201432943},
 edition = {2nd},
} 
@Inproceedings{CMLG2000,
 author = {Cierniak, Micha\l and Lueh, Guei-Yuan and Stichnoth, James M.},
 title = {Practicing {JUDO: Java} Under Dynamic Optimizations},
 booktitle = {PLDI '00},
 year = {2000},
 isbn = {1-58113-199-2},
 pages = {13--26},
 numpages = {14},
 doi = {10.1145/349299.349306},
 acmid = {349306},
} 
@Inproceedings{IKKM2000,
 author = {Ishizaki, Kazuaki and Kawahito, Motohiro and Yasue, Toshiaki and Komatsu, Hideaki and Nakatani, Toshio},
 title = {A Study of Devirtualization Techniques for a {Java Just-In-Time} Compiler},
 booktitle = {OOPSLA '00},
 year = {2000},
 isbn = {1-58113-200-X},
 pages = {294--310},
 numpages = {17},
 doi = {10.1145/353171.353191},
 acmid = {353191},
} 
@Inproceedings{CCUD1998,
 author = {Chambers, C. and Ungar, D. and Lee, E.},
 title = {An Efficient Implementation of {SELF} a Dynamically-typed Object-oriented Language Based on Prototypes},
 booktitle = {OOPSLA '89},
 year = {1989},
 isbn = {0-89791-333-7},
 pages = {49--70},
 numpages = {22},
 doi = {10.1145/74877.74884},
 acmid = {74884},
}
@Inproceedings{SVMD2006,
 author = {Sundaresan, Vijay and Maier, Daryl and Ramarao, Pramod and Stoodley, Mark},
 title = {Experiences with Multi-threading and Dynamic Class Loading in a {Java Just-In-Time} Compiler},
 booktitle = {CGO '06},
 year = {2006},
 isbn = {0-7695-2499-0},
 pages = {87--97},
 numpages = {11},
 doi = {10.1109/CGO.2006.16},
 acmid = {1122395},
}
@Article{BBHJ2000,
 author = {Buck, Bryan and Hollingsworth, Jeffrey K.},
 title = {An {API} for Runtime Code Patching},
 journal = {Int. J. High Perform. Comput. Appl.},
 issue_date = {November  2000},
 volume = {14},
 number = {4},
 month = nov,
 year = {2000},
 issn = {1094-3420},
 pages = {317--329},
 numpages = {13},
 doi = {10.1177/109434200001400404},
 acmid = {1080630},
}
@Inproceedings{FM2007,
 author = {Frigo, Matteo},
 title = {Multithreaded Programming in {Cilk}},
 booktitle = {PASCO '07},
 year = {2007},
 isbn = {978-1-59593-741-4},
 pages = {13--14},
 numpages = {2},
 doi = {10.1145/1278177.1278181},
 acmid = {1278181},
} 
@Misc{java7,
  author={{Oracle Corporation}},
  title={{Java{\texttrademark} Platform, Standard Edition 7 {API} Specification}},
  year={2013},
  url={http://docs.oracle.com/javase/7/docs/api/},
  note={Accessed January 2014},
}
@Book{LD1999,
 author = {Lea, Doug},
 title = {Concurrent Programming in {Java}. Second Edition: Design Principles and Patterns},
 year = {1999},
 isbn = {0201310090},
 edition = {2nd},
} 
@Book{RJ2010,
  title={{Intel threading building blocks: outfitting {C++} for multi-core processor parallelism}},
  author={Reinders, James},
  year={2010},
}
@Inproceedings{PFFD2011,
 author = {Pizlo, Filip and Frampton, Daniel and Hosking, Antony L.},
 title = {Fine-grained adaptive biased locking},
 booktitle = {PPPJ '11},
 year = {2011},
 isbn = {978-1-4503-0935-6},
 pages = {171--181},
 numpages = {11},
 doi = {10.1145/2093157.2093184},
 acmid = {2093184},
}
@Inproceedings{KKKA2002,
 author = {Kawachiya, Kiyokuni and Koseki, Akira and Onodera, Tamiya},
 title = {Lock reservation: {Java} locks can mostly do without atomic operations},
 booktitle = {OOPSLA '02},
 year = {2002},
 isbn = {1-58113-471-1},
 pages = {130--141},
 numpages = {12},
 doi = {10.1145/582419.582433},
 acmid = {582433},
}
@Inproceedings{OTKK1999,
 author = {Onodera, Tamiya and Kawachiya, Kiyokuni},
 title = {A study of locking objects with bimodal fields},
 booktitle = {OOPSLA '99},
 year = {1999},
 isbn = {1-58113-238-7},
 pages = {223--237},
 numpages = {15},
 doi = {10.1145/320384.320405},
 acmid = {320405},
}
@Inproceedings{BDKR1998,
 author = {Bacon, David F. and Konuru, Ravi and Murthy, Chet and Serrano, Mauricio},
 title = {Thin locks: featherweight synchronization for {Java}},
 booktitle = {PLDI '98},
 year = {1998},
 isbn = {0-89791-987-4},
 pages = {258--268},
 numpages = {11},
 doi = {10.1145/277650.277734},
 acmid = {277734},
}
@Inproceedings{UDSAAA2005,
 author = {Ungar, David and Spitz, Adam and Ausch, Alex},
 title = {Constructing a metacircular Virtual machine in an exploratory programming environment},
 booktitle = {OOPSLA '05},
 year = {2005},
 isbn = {1-59593-193-7},
 pages = {11--20},
 numpages = {10},
 doi = {10.1145/1094855.1094865},
 acmid = {1094865},
}
@Inproceedings{SDCC2005,
 author = {Simon, Doug and Cifuentes, Cristina},
 title = {The squawk virtual machine: {J}ava{\texttrademark} on the bare metal},
 booktitle = {OOPSLA '05},
 year = {2005},
 isbn = {1-59593-193-7},
 pages = {150--151},
 numpages = {2},
 doi = {10.1145/1094855.1094908},
 acmid = {1094908},
}
@Article{WCHM2013,
 author = {Wimmer, Christian and Haupt, Michael and Van De Vanter, Michael L. and Jordan, Mick and Dayn\`{e}s, Laurent and Simon, Douglas},
 title = {Maxine: An approachable virtual machine for, and in, {Java}},
 journal = {ACM Trans. Archit. Code Optim.},
 issue_date = {January 2013},
 volume = {9},
 number = {4},
 month = jan,
 year = {2013},
 issn = {1544-3566},
 pages = {30:1--30:24},
 articleno = {30},
 numpages = {24},
 doi = {10.1145/2400682.2400689},
 acmid = {2400689},
}
@Inproceedings{RNPJ2000,
 author = {Ramsey, Norman and Peyton Jones, Simon},
 title = {A single intermediate language that supports multiple implementations of exceptions},
 booktitle = {PLDI '00},
 year = {2000},
 isbn = {1-58113-199-2},
 pages = {285--298},
 numpages = {14},
 doi = {10.1145/349299.349337},
 acmid = {349337},
}
@Book{PC2010,
  title={Programming {M}icrosoft\textsuperscript{\textregistered} {W}indows\textsuperscript{\textregistered} with {C}\#},
  author={Petzold, Charles},
  year={2010},
}
@Inproceedings{GMCJ2000,
 author = {Gupta, Manish and Choi, Jong-Deok and Hind, Michael},
 title = {Optimizing {Java} Programs in the Presence of Exceptions},
 booktitle = {ECOOP '00},
 year = {2000},
 isbn = {3-540-67660-0},
 pages = {422--446},
 numpages = {25},
 url = {http://dl.acm.org/citation.cfm?id=646157.679855},
 acmid = {679855},
}
@Article{SJ1998,
 author = {Schilling, Jonathan L.},
 title = {Optimizing away {C++} exception handling},
 journal = {SIGPLAN Not.},
 issue_date = {Aug. 1998},
 volume = {33},
 number = {8},
 month = aug,
 year = {1998},
 issn = {0362-1340},
 pages = {40--47},
 numpages = {8},
 doi = {10.1145/286385.286390},
 acmid = {286390},
}
@Article{GJ1975,
 author = {Goodenough, John B.},
 title = {Exception handling: issues and a proposed notation},
 journal = {Commun. ACM},
 issue_date = {Dec. 1975},
 volume = {18},
 number = {12},
 month = dec,
 year = {1975},
 issn = {0001-0782},
 pages = {683--696},
 numpages = {14},
 doi = {10.1145/361227.361230},
 acmid = {361230},
}
@Inproceedings{IKOT2012,
 author = {Ishizaki, Kazuaki and Ogasawara, Takeshi and Castanos, Jose and Nagpurkar, Priya and Edelsohn, David and Nakatani, Toshio},
 title = {Adding Dynamically-typed Language Support to a Statically-typed Language Compiler: Performance Evaluation, Analysis, and Tradeoffs},
 booktitle = {VEE '12},
 year = {2012},
 isbn = {978-1-4503-1176-2},
 pages = {169--180},
 numpages = {12},
 doi = {10.1145/2151024.2151047},
 acmid = {2151047},
}
@Misc{v8,
  author={Google},
  title={V8 {JavaScript} Engine},
  year={2013},
  url={http://code.google.com/p/v8/},
  note={Accessed June 2013},
}
@Inproceedings{HUUD1994,
 author = {H\"{o}lzle, Urs and Ungar, David},
 title = {A third-generation {SELF} implementation: reconciling responsiveness with performance},
 booktitle = {OOPSLA '94},
 year = {1994},
 isbn = {0-89791-688-3},
 pages = {229--243},
 numpages = {15},
 doi = {10.1145/191080.191116},
 acmid = {191116},
}
@Inproceedings{AMHM2002,
 author = {Arnold, Matthew and Hind, Michael and Ryder, Barbara G.},
 title = {Online feedback-directed optimization of {Java}},
 booktitle = {OOPSLA '02},
 year = {2002},
 isbn = {1-58113-471-1},
 pages = {111--129},
 numpages = {19},
 doi = {10.1145/582419.582432},
 acmid = {582432},
}
@Inproceedings{STYT2001,
 author = {Suganuma, Toshio and Yasue, Toshiaki and Kawahito, Motohiro and Komatsu, Hideaki and Nakatani, Toshio},
 title = {A dynamic optimization framework for a {Java} {Just-In-Time} compiler},
 booktitle = {OOPSLA '01},
 year = {2001},
 isbn = {1-58113-335-9},
 pages = {180--195},
 numpages = {16},
 doi = {10.1145/504282.504296},
 acmid = {504296},
}
@Inproceedings{PMVC2001,
 author = {Paleczny, Michael and Vick, Christopher and Click, Cliff},
 title = {The {Java HotSpot}{\texttrademark} server compiler},
 booktitle = {JVM'01},
 year = {2001},
 pages = {1--1},
 numpages = {1},
 url = {http://dl.acm.org/citation.cfm?id=1267847.1267848},
 acmid = {1267848},
}
@Inproceedings{AMFS2000,
 author = {Arnold, Matthew and Fink, Stephen and Grove, David and Hind, Michael and Sweeney, Peter F.},
 title = {Adaptive optimization in the {J}alape{\~n}o {JVM}},
 booktitle = {OOPSLA '00},
 year = {2000},
 isbn = {1-58113-200-X},
 pages = {47--65},
 numpages = {19},
 doi = {10.1145/353171.353175},
 acmid = {353175},
}
@Article{MJ1960,
 author = {McCarthy, John},
 title = {Recursive functions of symbolic expressions and their computation by machine, Part I},
 journal = {Commun. ACM},
 issue_date = {April 1960},
 volume = {3},
 number = {4},
 month = apr,
 year = {1960},
 issn = {0001-0782},
 pages = {184--195},
 numpages = {12},
 doi = {10.1145/367177.367199},
 acmid = {367199},
}
@Article{AJ2003,
  author = {Aycock, John},
  title = {A brief history of {Just-In-Time}},
  journal = {ACM Comput. Surv.},
  year = {2003},
  volume = {35},
  pages = {97--113},
  number = {2},
  month = jun,
  acmid = {857077},
  doi = {10.1145/857076.857077},
  issn = {0360-0300},
  issue_date = {June 2003},
  numpages = {17},
}
@Inproceedings{SK2005,
 author = {Sasada, Koichi},
 title = {{YARV}: yet another {RubyVM}: innovating the ruby interpreter},
 booktitle = {OOPSLA '05},
 year = {2005},
 isbn = {1-59593-193-7},
 pages = {158--159},
 numpages = {2},
 doi = {10.1145/1094855.1094912},
 acmid = {1094912},
}
@Book{MA2003,
 author = {Martelli, Alex},
 title = {Python in a Nutshell},
 year = {2003},
 isbn = {0596001886},
}
@Inproceedings{RAPS2006,
 author = {Rigo, Armin and Pedroni, Samuele},
 title = {{PyPy}'s Approach to Virtual Machine Construction},
 booktitle = {OOPSLA '06},
 year = {2006},
 isbn = {1-59593-491-X},
 pages = {944--953},
 numpages = {10},
 doi = {10.1145/1176617.1176753},
 acmid = {1176753},
} 
@Book{RRJLZMBM2009,
 author = {Rogers, Rick and Lombardo, John and Mednieks, Zigurd and Meike, Blake},
 title = {Android Application Development: Programming with the Google {SDK}},
 year = {2009},
 isbn = {0596521472, 9780596521479},
 edition = {1st},
}
@Misc{Dalvik2008,
  author={Dan Bornstein},
  title={{Dalvik VM} Internals},
  year={2008},
  url={https://sites.google.com/site/io/dalvik-vm-internals},
  note={Accessed June 2013}
}
@Book{LWRLS2091,
 author = {Wall, Larry and Schwartz, Randal L.},
 title = {Programming {Perl}},
 year = {1991},
 isbn = {0-937175-64-1},
}
@Book{ARAW2009,
 author = {Randal, Allison and Whitworth, Andrew},
 title = {Parrot Developer's Guide: {PIR}},
 year = {2009},
 isbn = {0977920127, 9780977920129},
}
@Book{DBTP2002,
 author = {Box, Don and Pattison, Ted},
 title = {Essential {.NET}: The Common Language Runtime},
 year = {2002},
 isbn = {0201734117},
}
@Misc{Oracle2013,
  author={Oracle},
  title={The {Java}\textsuperscript{\textregistered} Virtual Machine Specification},
  year={2013},
  url={http://docs.oracle.com/javase/specs/jvms/se7/html/},
  note={Accessed June 2013}
}
@Book{JGBJGLS1996,
 author = {Gosling, James and Joy, Bill and Steele, Guy L.},
 title = {The  {Java} Language Specification},
 year = {1996},
 isbn = {0201634511},
 edition = {1st},
}
@Inproceedings{CCDU1991,
 author = {Chambers, Craig and Ungar, David},
 title = {Making pure object-oriented languages practical},
 booktitle = {OOPSLA '91},
 year = {1991},
 isbn = {0-201-55417-8},
 pages = {1--15},
 numpages = {15},
 doi = {10.1145/117954.117955},
 acmid = {117955},
}
@Inproceedings{PLDAMS1984,
 author = {Deutsch, L. Peter and Schiffman, Allan M.},
 title = {Efficient implementation of the {S}malltalk-80 system},
 booktitle = {POPL '84},
 year = {1984},
 isbn = {0-89791-125-3},
 pages = {297--302},
 numpages = {6},
 doi = {10.1145/800017.800542},
 acmid = {800542},
}
@Inproceedings{DKDRSH2010,
 author = {Koufaty, David and Reddy, Dheeraj and Hahn, Scott},
 title = {Bias scheduling in heterogeneous multi-core architectures},
 booktitle = {EuroSys '10},
 year = {2010},
 isbn = {978-1-60558-577-2},
 pages = {125--138},
 numpages = {14},
 doi = {10.1145/1755913.1755928},
 acmid = {1755928},
}
@Inproceedings{LTPBRK2010,
 author={Tong Li and Brett, P. and Knauerhase, R. and Koufaty, D. and Reddy, D. and Hahn, S.},
 title={Operating system support for overlapping-{ISA} heterogeneous multi-core architectures},
 year={2010},
 pages={1-12},
 doi={10.1109/HPCA.2010.5416660},
 ISSN={1530-0897},
}
@Inproceedings{AMSOM2009,
 author = {Suleman, M. Aater and Mutlu, Onur and Qureshi, Moinuddin K. and Patt, Yale N.},
 title = {Accelerating critical section execution with asymmetric multi-core architectures},
 booktitle = {ASPLOS XIV},
 year = {2009},
 isbn = {978-1-60558-406-5},
 pages = {253--264},
 numpages = {12},
 doi = {10.1145/1508244.1508274},
 acmid = {1508274},
}
@Inproceedings{GVJS2010,
 author = {Venkatesh, Ganesh and Sampson, Jack and Goulding, Nathan and Garcia, Saturnino and Bryksin, Vladyslav and Lugo-Martinez, Jose and Swanson, Steven and Taylor, Michael Bedford},
 title = {Conservation cores: reducing the energy of mature computations},
 booktitle = {ASPLOS XV},
 year = {2010},
 isbn = {978-1-60558-839-1},
 pages = {205--218},
 numpages = {14},
 doi = {10.1145/1736020.1736044},
 acmid = {1736044},
}
@Article{TYM2006,
 author = {Morad, Tomer Y. and Weiser, Uri C. and Kolodny, Avinoam and Valero, Mateo and Ayguade, Eduard},
 title = {Performance, Power Efficiency and Scalability of Asymmetric Cluster Chip Multiprocessors},
 journal = {IEEE Comput. Archit. Lett.},
 issue_date = {January 2006},
 volume = {5},
 number = {1},
 month = jan,
 year = {2006},
 issn = {1556-6056},
 pages = {4--17},
 numpages = {14},
 doi = {10.1109/L-CA.2006.6},
 acmid = {1128604},
}
@Article{ARM2011,
  title={{big.LITTLE} processing},
  author={{ARM Corporation}},
  journal={ARM White Paper},
  url={http://www.arm.com/products/processors/technologies/bigLITTLEprocessing.php},
  year={2011}
}
@Inproceedings{SBRR2005,
 author = {Balakrishnan, Saisanthosh and Rajwar, Ravi and Upton, Mike and Lai, Konrad},
 title = {The Impact of Performance Asymmetry in Emerging Multicore Architectures},
 booktitle = {ISCA '05},
 year = {2005},
 isbn = {0-7695-2270-X},
 pages = {506--517},
 numpages = {12},
 doi = {10.1109/ISCA.2005.51},
 acmid = {1070012},
}
@Article{CTBSGT2012,
 author = {Cao, Ting and Blackburn, Stephen M and Gao, Tiejun and McKinley, Kathryn S},
 title = {The Yin and Yang of Power and Performance for Asymmetric Hardware and Managed Software},
 journal = {SIGARCH Comput. Archit. News},
 issue_date = {June 2012},
 volume = {40},
 number = {3},
 month = jun,
 year = {2012},
 issn = {0163-5964},
 pages = {225--236},
 numpages = {12},
 doi = {10.1145/2366231.2337185},
 acmid = {2337185},
} 
@Article{SBAAC2011,
 author = {Borkar, Shekhar and Chien, Andrew A.},
 title = {The future of microprocessors},
 journal = {Commun. ACM},
 issue_date = {May 2011},
 volume = {54},
 number = {5},
 month = may,
 year = {2011},
 issn = {0001-0782},
 pages = {67--77},
 numpages = {11},
 doi = {10.1145/1941487.1941507},
 acmid = {1941507},
}
@Phdthesis{RAMAN2010,
  title={Compiler support for work-stealing parallel runtime systems},
  author={Raman, Raghavan},
  year={2009},
  school={Rice University}
}
@Phdthesis{GUO2010,
  title={A Scalable Locality-aware Adaptive Work-stealing Scheduler for Multi-core Task Parallelism},
  author={Guo, Yi},
  year={2010},
  school={Rice University}
}
@Article{AECD2005,
  title={The {F}ortress language specification},
  author={Allen, Eric and Chase, David and Hallett, Joe and Luchangco, Victor and Maessen, Jan-Willem and Ryu, Sukyoung and Steele Jr, Guy L and Tobin-Hochstadt, Sam and Dias, Joao and Eastlund, Carl and others},
  journal={Sun Microsystems},
  volume={139},
  pages={140},
  year={2005}
}
@Inproceedings{SVAGBG2010,
  author={Saraswat, Vijay and Almasi, George and Bikshandi, Ganesh and Cascaval, Calin and Cunningham, David and Grove, David and Kodali, Sreedhar and Peshansky, Igor and Tardieu, Olivier},
  year={2010}
}
@Article{NRRJ1998,
 author = {Numrich, Robert W. and Reid, John},
 title = {Co-array {F}ortran for Parallel Programming},
 journal = {SIGPLAN Fortran Forum},
 issue_date = {Aug. 1998},
 volume = {17},
 number = {2},
 month = aug,
 year = {1998},
 issn = {1061-7264},
 pages = {1--31},
 numpages = {31},
 doi = {10.1145/289918.289920},
 acmid = {289920},
} 
@misc{pgaswebsite,
        Title = {{Partitioned Global Address Space}},
        Author = {PGAS},
	Year = {2011},
        howpublished = "\url{http://www.pgas.org/}"
}
@book{SMOS1995,
 author = {Snir, Marc and Otto, Steve W. and Walker, David W. and Dongarra, Jack and Huss-Lederman, Steven},
 title = {{MPI}: The Complete Reference},
 year = {1995},
 isbn = {0262691841},
}
@misc{jsr166,
        Title = {{JSR 166 Introduction}},
        Author = {Lea, Doug},
	Year = {2004},
        url = {http://gee.cs.oswego.edu/dl/jsr166/dist/docs/}
}
@TechReport{SVBBP2013,
author={Saraswat, Vijay and Bloom, Bard and Peshansky, Igor and Tardieu, Olivier and Grove, David},
title={X10 language specification version 2.4},
institution={IBM},
year={2013},
abstract={IBM},
url={http://x10.sourceforge.net/documentation/languagespec/x10-240.pdf}
}
@Article{DLMR1998,
 author = {Dagum, Leonardo and Menon, Ramesh},
 title = {{OpenMP}: An Industry-Standard {API} for Shared-Memory Programming},
 journal = {IEEE Comput. Sci. Eng.},
 issue_date = {January 1998},
 volume = {5},
 number = {1},
 month = jan,
 year = {1998},
 issn = {1070-9924},
 pages = {46--55},
 numpages = {10},
 doi = {10.1109/99.660313},
 acmid = {615542},
}
@Inproceedings{KYLS1998,
    author = {Kathy Yelick and others},
   booktitle={ACM},
    title = {Titanium: A High-Performance {J}ava Dialect},
    year = {1998},
    pages = {10--11}
}
@Book{RJ2007,
 author = {Reinders, James},
 title = {Intel Threading Building Blocks},
 publisher = {O'Reilly \& Associates, Inc.},
 year = {2007},
 isbn = {9780596514808},
 edition = {First},
} 
@Inproceedings{LDSWBS2009,
 author = {Leijen, Daan and Schulte, Wolfram and Burckhardt, Sebastian},
 title = {The design of a task parallel library},
 booktitle = {OOPSLA},
 year = {2009},
 isbn = {978-1-60558-766-0},
 pages = {227--242},
 numpages = {16},
 doi = {10.1145/1640089.1640106},
 acmid = {1640106},
}
@Inproceedings{ELTSL2006,
 author = {El-Ghazawi, Tarek and Smith, Lauren},
 title = {{UPC: unified parallel C}},
 booktitle = {SC},
 year = {2006},
 isbn = {0-7695-2700-0},
 articleno = {27},
 doi = {10.1145/1188455.1188483},
 acmid = {1188483},
}
@misc{numamodel,
        Title = {{Non-Uniform Memory Access (NUMA)}},
        Author = {Manchanda, Nakul and Anand, Karan},
	Year = {2012},
        url = {http://www.cs.nyu.edu/~lerner/spring10/projects/NUMA.pdf}
}
@misc{power4ibm,
        Title = {Power 4 The First Multi-Core, {1GHz} Processor},
        Author = {{IBM}},
	Year = {2002},
        url = {http://www-03.ibm.com/ibm/history/ibm100/us/en/icons/power4/},
}
@misc{teraeraintel,
        Title = {Architecting the {E}ra of {T}era},
        Author = {{Intel Corporation}},
	Year = {2004},
        url = {http://software.intel.com/sites/default/files/27/61/Tera_Era.pdf}
}
@Incollection{jeffers2013intel,
  title={Intel\textsuperscript{\textregistered} {X}eon {P}hi\textsuperscript{\textregistered} {C}oprocessors},
  author={Jeffers, Jim},
  pages={25--39},
  year={2013},
}
@misc{manycoreintel,
        Title = {Intel\textsuperscript{\textregistered} Many Integrated Core Architecture (Intel\textsuperscript{\textregistered} {MIC} Architecture) \---\ Advanced},
        Author = {{Intel Corporation}},
	Year = {2013},
        url = {http://www.intel.com/content/www/us/en/architecture-and-technology/many-integrated-core/intel-many-integrated-core-architecture.html}
}
@Inproceedings{SMCIKY2011,
    author = {Min, Seung and Iancu, Costin and Yelick, Katherine},
    title = {Hierarchical work stealing on manycore clusters},
    booktitle = {PGAS},
    year = {2011}
}
@Inproceedings{JRKAC2005,
author={Jones, R. and King, A.C.},
title={A fast analysis for thread-local garbage collection with dynamic class loading},
year={2005},
pages={129-138},
doi={10.1109/SCAM.2005.1},
}

@Inproceedings{MSPJS2011,
 author = {Marlow, Simon and Peyton Jones, Simon},
 title = {Multicore Garbage Collection with Local Heaps},
 booktitle = {ISMM '11},
 year = {2011},
 isbn = {978-1-4503-0263-0},
 pages = {21--32},
 numpages = {12},
 doi = {10.1145/1993478.1993482},
 acmid = {1993482},
}
@Inproceedings{KVBSDJ2014,
 author = {Kumar, Vivek and Blackburn, Steve and Dolby, Julian},
  title     = {{AJWS}: Performance and Productivity for {Java} via Data-Centric Atomicity and Work-Stealing},
  year      = {2014},
}
@Inproceedings{KVBS2014,
 author = {Kumar, Vivek and Blackburn, Steve and Grove, David},
  title     = {Friendly Barriers: Efficient Work-Stealing With Return Barriers},
  year      = {2014},
}
@book{PDS2002,
 author = {Platt, David S.},
 title = {Introducing Microsoft {.NET}, Second Edition},
 year = {2002},
 isbn = {0735615713},
 edition = {2nd},
} 
@Inproceedings{RRZJSV12,
 author = {Raman, Raghavan and Zhao, Jisheng and Sarkar, Vivek and Vechev, Martin and Yahav, Eran},
 title = {Scalable and Precise Dynamic Datarace Detection for Structured Parallelism},
 booktitle = {PLDI '12},
 year = {2012},
 isbn = {978-1-4503-1205-9},
 pages = {531--542},
 numpages = {12},
 doi = {10.1145/2254064.2254127},
 acmid = {2254127},
}

@Inproceedings{SSMA08,
 author = {Srinivasan, Sriram and Mycroft, Alan},
 title = {Kilim: Isolation-Typed Actors for {J}ava},
 booktitle = {ECOOP '08},
 year = {2008},
 isbn = {978-3-540-70591-8},
 pages = {104--128},
 numpages = {25},
 doi = {10.1007/978-3-540-70592-5_6},
 acmid = {1428517},
}
@misc{rettigjetlang,
        Title = {{J}etlang: {M}essage based concurrency for {J}ava},
        Author = {Rettig, Mike},
	Year = {2013},
        url = {http://code.google.com/p/jetlang}
}
@misc{akka,
        Title = {{Typesafe Inc. Akka}},
        Author = {{Akka Team}},
	Year = {2013},
        url = {http://akka.io/}
}
@inproceedings{ISSV2012,
 author = {Imam, Shams M. and Sarkar, Vivek},
 title = {Integrating Task Parallelism with Actors},
 booktitle = {OOPSLA '12},
 year = {2012},
 isbn = {978-1-4503-1561-6},
 pages = {753--772},
 numpages = {20},
 doi = {10.1145/2384616.2384671},
 acmid = {2384671},
}
@misc{saraswat2011x10,
  title={X10 language specification},
  author={Saraswat, Vijay and Bloom, Bard and Peshansky, Igor and Tardieu, Olivier and Grove, David},
  journal={2010-08-28). http://x10-lang. org},
  year={2011}
}
@book{YA1990,
 editor = {Yonezawa, Akinori},
 title = {{ABCL}: An Object-oriented Concurrent System},
 year = {1990},
 isbn = {0-262-24029-7},
}
@book{AG1986,
 author = {Agha, Gul},
 title = {Actors: A Model of Concurrent Computation in Distributed Systems},
 year = {1986},
 isbn = {0-262-01092-5},
}
@inproceedings{VRCPG99,
 author = {Vall{\'e}e-Rai, Raja and Co, Phong and Gagnon, Etienne and Hendren, Laurie and Lam, Patrick and Sundaresan, Vijay},
 title = {Soot - a {J}ava Bytecode Optimization Framework},
 booktitle = {CASCON '99},
 year = {1999},
 pages = {13--},
 url = {http://dl.acm.org/citation.cfm?id=781995.782008},
 acmid = {782008},
} 
@misc{sootwebsite,
  author={{Sable McGill}},
  title={Soot},
  year={2012},
  url={http://www.sable.mcgill.ca/soot/}
}
@misc{jtransformswebsite,
  author={Wendykier, Piotr},
  title={{JTransforms}},
  year={2011},
  url={http://sourceforge.net/projects/jtransforms/}
}
@misc{jmetalwebsite,
  author={Nebro, Antonio J. and Durillo, Juan J.},
  year={2013},
  title={j{M}etal},
  url={http://jmetal.sourceforge.net/}
}
@misc{lucenewebsite,
  author={{Apache Lucene}},
  year={2008},
  title={Apache {L}ucene},
  url={http://lucene.apache.org/}
}
@article{PM2007,
  title={Eclipse refactoring},
  author={Petito, Michael},
  journal={http://people. clarkson. edu/\~{} dhou/courses/EE564-s07/Eclipse-Refactoring. pdf},
  volume={5},
  pages={2010},
  year={2007}
}
@Inproceedings{YXBS11,
 author = {Yang, Xi and Blackburn, Stephen M. and Frampton, Daniel and Sartor, Jennifer B. and McKinley, Kathryn S.},
 title = {Why Nothing Matters: The Impact of Zeroing},
 booktitle = {OOPSLA '11},
 year = {2011},
 isbn = {978-1-4503-0940-0},
 pages = {307--324},
 numpages = {18},
 doi = {10.1145/2048066.2048092},
 acmid = {2048092},
}
@article{DJHC2012,
 author = {Dolby, Julian and Hammer, Christian and Marino, Daniel and Tip, Frank and Vaziri, Mandana and Vitek, Jan},
 title = {A Data-centric Approach to Synchronization},
 journal = {ACM Trans. Program. Lang. Syst.},
 issue_date = {April 2012},
 volume = {34},
 number = {1},
 month = may,
 year = {2012},
 issn = {0164-0925},
 pages = {4:1--4:48},
 articleno = {4},
 numpages = {48},
 doi = {10.1145/2160910.2160913},
 acmid = {2160913},
}
@article{BSCA11,
 author = {Borkar, Shekhar and Chien, Andrew A.},
 title = {The Future of Microprocessors},
 journal = {Commun. ACM},
 issue_date = {May 2011},
 volume = {54},
 number = {5},
 month = may,
 year = {2011},
 issn = {0001-0782},
 pages = {67--77},
 numpages = {11},
 doi = {10.1145/1941487.1941507},
 acmid = {1941507},
} 
@inproceedings{MLRA13,
 author = {Meyerovich, Leo A. and Rabkin, Ariel S.},
 title = {Empirical Analysis of Programming Language Adoption},
 booktitle = {OOPSLA '13},
 year = {2013},
 isbn = {978-1-4503-2374-1},
 pages = {1--18},
 numpages = {18},
 doi = {10.1145/2509136.2509515},
 acmid = {2509515},
}
@inproceedings{ETHG2007,
 author = {Ekman, Torbj\"{o}rn and Hedin, G\"{o}rel},
 title = {The {J}ast{A}dd Extensible {J}ava Compiler},
 booktitle = {OOPSLA '07},
 year = {2007},
 isbn = {978-1-59593-786-5},
 pages = {1--18},
 numpages = {18},
 doi = {10.1145/1297027.1297029},
 acmid = {1297029},
}
@Article{Durillo2011,
 author = {Durillo, Juan J. and Nebro, Antonio J.},
 title = {jMetal: A Java Framework for Multi-objective Optimization},
 journal = {Adv. Eng. Softw.},
 issue_date = {October, 2011},
 volume = {42},
 number = {10},
 month = oct,
 year = {2011},
 issn = {0965-9978},
 pages = {760--771},
 numpages = {12},
 doi = {10.1016/j.advengsoft.2011.05.014},
 acmid = {2010771},
}
@Inproceedings{DNA10,
	Address = {Barcelona, Spain},
	Author = { J.J. Durillo and A.J. Nebro and E. Alba  },
	Booktitle = {CEC 2010},
	Month = {July},
	Pages = {4138-4325},
	OPTPublisher = {Springer Berlin / Heidelberg},
	OPTSeries = {Lecture Notes in Computer Science},
	Title = {The j{M}etal Framework for Multi-Objective Optimization: Design and Architecture},
	OPTVolume = {5467},
	Year = {2010}
}

@InProceedings{DaCapo:paper,
  title={The {DaCapo} Benchmarks: {J}ava Benchmarking Development and Analysis},
  author={Blackburn, S. M. and Garner, R. and Hoffman, C. and Khan, A. M.
      and McKinley, K. S. and Bentzur, R. and Diwan, A. and Feinberg, D. 
      and Frampton, D. and Guyer, S. Z. and Hirzel, M. and Hosking, A.
      and Jump, M. and Lee, H. and Moss, J. E. B. and Phansalkar, A.
      and Stefanovi\'{c}, D. and {VanDrunen}, T. and von~Dincklage, D.
      and Wiedermann, B.},
  month = oct,
  year = {2006},
  pages = {169--190},
  doi = {http://doi.acm.org/10.1145/1167473.1167488},
}
@incollection{ USYM2003,
year={2003},
isbn={978-3-540-20359-9},
volume={2858},
booktitle={Lecture Notes in Computer Science},
editor={Veidenbaum, Alex and Joe, Kazuki and Amano, Hideharu and Aiso, Hideo},
doi={10.1007/978-3-540-39707-6_13},
title={Pursuing Laziness for Efficient Implementation of Modern Multithreaded Languages},
author={Umatani, Seiji and Yasugi, Masahiro and Komiya, Tsuneyasu and Yuasa, Taiichi},
pages={174-188}
}

@inproceedings{WEZJ2012,
 author = {Westbrook, Edwin and Zhao, Jisheng and Budimli\'{c}, Zoran and Sarkar, Vivek},
 title = {Practical permissions for race-free parallelism},
 booktitle = {ECOOP'12},
 year = {2012},
 isbn = {978-3-642-31056-0},
 pages = {614--639},
 numpages = {26},
 doi = {10.1007/978-3-642-31057-7_27},
 acmid = {2367201},
} 

@inproceedings{LRZJ2011,
 author = {Lublinerman, Roberto and Zhao, Jisheng and Budimli\'{c}, Zoran and Chaudhuri, Swarat and Sarkar, Vivek},
 title = {Delegated isolation},
 booktitle = {OOPSLA '11},
 year = {2011},
 isbn = {978-1-4503-0940-0},
 pages = {885--902},
 numpages = {18},
 doi = {10.1145/2048066.2048133},
 acmid = {2048133},
} 
@inproceedings{ZJLR2013,
 author = {Zhao, Jisheng and Lublinerman, Roberto and Budimli\'{c}, Zoran and Chaudhuri, Swarat and Sarkar, Vivek},
 title = {Isolation for nested task parallelism},
 booktitle = {OOPSLA '13},
 year = {2013},
 isbn = {978-1-4503-2374-1},
 pages = {571--588},
 numpages = {18},
 doi = {10.1145/2509136.2509534},
 acmid = {2509534},
}

@inproceedings{BRBZ2009,
 author = {Barik, Rajkishore and Budimlic, Zoran and Cav\`{e}, Vincent and Chatterjee, Sanjay and Guo, Yi and Peixotto, David and Raman, Raghavan and Shirako, Jun and Ta{\c{s}}{\i}rlar, Sa{\u{g}}nak and Yan, Yonghong and Zhao, Yisheng and Sarkar, Vivek},
 title = {The habanero multicore software research project},
 booktitle = {OOPSLA '09},
 year = {2009},
 isbn = {978-1-60558-768-4},
 pages = {735--736},
 numpages = {2},
 doi = {10.1145/1639950.1639989},
 acmid = {1639989},
} 

@INPROCEEDINGS{KMBM2009,
  author={Kulkarni, M. and Burtscher, M. and Cascaval, C. and Pingali, K.},
  title={Lonestar: A suite of parallel irregular programs},
  year={2009},
  pages={65-76},
  doi={10.1109/ISPASS.2009.4919639},
}

@Inproceedings{OSHJ2006,
 author = {Olivier, Stephen and Huan, Jun and Liu, Jinze and Prins, Jan and Dinan, James and Sadayappan, P. and Tseng, Chau-Wen},
 title = {{UTS}: an unbalanced tree search benchmark},
 booktitle = {LCPC},
 year = {2007},
 isbn = {978-3-540-72520-6},
 pages = {235--250},
 numpages = {16},
 acmid = {1757137},
} 
@misc{mitcilkversion,
  title={Cilk-5.4.6},
  year={2010},
  author={{M.I.T.}},
  url={http://supertech.csail.mit.edu/cilk/}
}
@misc{gpt,
  title={{TCMalloc} : Thread-Caching Malloc},
  author={Ghemawat, Sanjay and Menage, Paul},
  url={http://goog-perftools.sourceforge.net/doc/tcmalloc.html},
  year={2009}
}
@InProceedings{holzle1992debugging,
  author = {H\"{o}lzle, Urs and Chambers, Craig and Ungar, David},
  title = {Debugging optimized code with dynamic deoptimization},
  booktitle = {PLDI '92},
  year = {1992},
  isbn = {0-89791-475-9},
  pages = {32--43},
  numpages = {12},
  doi = {10.1145/143095.143114},
  acmid = {143114},
}
@inproceedings{kliot2009lock,
 author = {Kliot, Gabriel and Petrank, Erez and Steensgaard, Bjarne},
 title = {A Lock-free, Concurrent, and Incremental Stack Scanning for Garbage Collectors},
 booktitle = {VEE '09},
 year = {2009},
 isbn = {978-1-60558-375-4},
 pages = {11--20},
 numpages = {10},
 doi = {10.1145/1508293.1508296},
 acmid = {1508296},
}
@inproceedings{yuasareturn,
  title={Return Barrier},
  author={Yuasa, Taiichi and Nakagawa, Yuichiro and Komiyay, Tsuneyasu and Yasugiy, Masahiro},
  year={2002},
}
@article{hoffmann2011adaptive,
  author={Hoffmann, Ralf and Rauber, Thomas},
  journal={International Journal of Parallel Programming},
  volume={39},
  number={5},
  pages={553--581},
  year={2011},
}
@Inproceedings{sanchez2010flexible,
 author = {Sanchez, Daniel and Yoo, Richard M. and Kozyrakis, Christos},
 title = {Flexible Architectural Support for Fine-grain Scheduling},
 booktitle = {ASPLOS XV},
 year = {2010},
 isbn = {978-1-60558-839-1},
 pages = {311--322},
 numpages = {12},
 doi = {10.1145/1736020.1736055},
 acmid = {1736055},
} 
@Inproceedings{saha2007enabling,
 author = {Saha, Bratin and Adl-Tabatabai, Ali-Reza and Ghuloum, Anwar and Rajagopalan, Mohan and Hudson, Richard L. and Petersen, Leaf and Menon, Vijay and Murphy, Brian and Shpeisman, Tatiana and Sprangle, Eric and Rohillah, Anwar and Carmean, Doug and Fang, Jesse},
 title = {Enabling Scalability and Performance in a Large Scale {CMP} Environment},
 booktitle = {EuroSys '07},
 year = {2007},
 isbn = {978-1-59593-636-3},
 pages = {73--86},
 numpages = {14},
 doi = {10.1145/1272996.1273006},
 acmid = {1273006},
} 
@inproceedings{mitzenmacher1998analyses,
 author = {Mitzenmacher, Michael},
 title = {Analyses of Load Stealing Models Based on Differential Equations},
 booktitle = {SPAA '98},
 year = {1998},
 isbn = {0-89791-989-0},
 pages = {212--221},
 numpages = {10},
 doi = {10.1145/277651.277687},
 acmid = {277687},
} 
@inproceedings{olivier2012characterizing,
 author = {Olivier, Stephen L. and de Supinski, Bronis R. and Schulz, Martin and Prins, Jan F.},
 title = {Characterizing and Mitigating Work Time Inflation in Task Parallel Programs},
 booktitle = {SC '12},
 year = {2012},
 isbn = {978-1-4673-0804-5},
 pages = {65:1--65:12},
 articleno = {65},
 numpages = {12},
 url = {http://dl.acm.org/citation.cfm?id=2388996.2389085},
 acmid = {2389085},
} 
@inproceedings{acar2013scheduling,
 author = {Acar, Umut A. and Chargueraud, Arthur and Rainey, Mike},
 title = {Scheduling Parallel Programs by Work Stealing with Private Deques},
 booktitle = {PPoPP '13},
 year = {2013},
 isbn = {978-1-4503-1922-5},
 pages = {219--228},
 numpages = {10},
 doi = {10.1145/2442516.2442538},
 acmid = {2442538},
} 
@misc{coorporation1997using,
  title={Using the {RDTSC} Instruction for Performance Monitoring},
  author={{Intel Corporation}},
  year={1997},
  url={http://www.intel.com.au/content/dam/www/public/us/en/documents/white-papers/ia-32-ia-64-benchmark-code-execution-paper.pdf},
}
@inproceedings{saraswat2011lifeline,
 author = {Saraswat, Vijay A. and Kambadur, Prabhanjan and Kodali, Sreedhar and Grove, David and Krishnamoorthy, Sriram},
 title = {Lifeline-based Global Load Balancing},
 booktitle = {PPoPP},
 year = {2011},
 isbn = {978-1-4503-0119-0},
 pages = {201--212},
 numpages = {12},
 doi = {10.1145/1941553.1941582},
 acmid = {1941582},
} 
@inproceedings{hendler2002non,
 author = {Hendler, Danny and Shavit, Nir},
 title = {Non-blocking Steal-half Work Queues},
 booktitle = {PODC '02},
 year = {2002},
 isbn = {1-58113-485-1},
 pages = {280--289},
 numpages = {10},
 doi = {10.1145/571825.571876},
 acmid = {571876},
} 
@inproceedings{dinan2009scalable,
 author = {Dinan, James and Larkins, D. Brian and Sadayappan, P. and Krishnamoorthy, Sriram and Nieplocha, Jarek},
 title = {Scalable Work Stealing},
 booktitle = {SC},
 year = {2009},
 isbn = {978-1-60558-744-8},
 pages = {53:1--53:11},
 articleno = {53},
 numpages = {11},
 doi = {10.1145/1654059.1654113},
 acmid = {1654113},
} 
@inproceedings{rudolph1991simple,
 author = {Rudolph, Larry and Slivkin-Allalouf, Miriam and Upfal, Eli},
 booktitle = {SPAA '91},
 year = {1991},
 isbn = {0-89791-438-4},
 pages = {237--245},
 numpages = {9},
 doi = {10.1145/113379.113401},
 acmid = {113401},
}
@inproceedings{luling1993dynamic,
  author={L{\"u}ling, R. and Monien, B.},
  title = {A Dynamic Distributed Load Balancing Algorithm with Provable Good Performance},
 booktitle = {SPAA '93},
 year = {1993},
 isbn = {0-89791-599-2},
 pages = {164--172},
 numpages = {9},
 doi = {10.1145/165231.165252},
 acmid = {165252},
}
@article{berenbrink2001natural,
 author = {Berenbrink, Petra and Friedetzky, Tom and Goldberg, Leslie Ann},
 title = {The Natural Work-Stealing Algorithm is Stable},
 journal = {SIAM J. Comput.},
 issue_date = {2003},
 volume = {32},
 number = {5},
 month = may,
 year = {2003},
 issn = {0097-5397},
 pages = {1260--1279},
 numpages = {20},
 doi = {10.1137/S0097539701399551},
 acmid = {942288},
}
@inproceedings{arora1998thread,
 author = {Arora, Nimar S. and Blumofe, Robert D. and Plaxton, C. Greg},
 title = {Thread Scheduling for Multiprogrammed Multiprocessors},
 booktitle = {SPAA '98},
 year = {1998},
 isbn = {0-89791-989-0},
 pages = {119--129},
 numpages = {11},
 doi = {10.1145/277651.277678},
 acmid = {277678},
} 
@article{yuasa1990real,
 author = {Yuasa, T.},
 title = {Real-time Garbage Collection on General-purpose Machines},
 journal = {J. Syst. Softw.},
 issue_date = {Mar. 1990},
 volume = {11},
 number = {3},
 month = mar,
 year = {1990},
 issn = {0164-1212},
 pages = {181--198},
 numpages = {18},
 doi = {10.1016/0164-1212(90)90084-Y},
 acmid = {82237},
} 
@Inproceedings{saiki2005real,
author = {Saiki, Hideaki and Konaka, Yoshiharu and Komiya, Tsuneyasu and Yasugi, Masahiro and Yuasa, Taiichi},
 title = {Real-Time {GC} in {JeRTy{\texttrademark} VM} Using the Return-Barrier Method},
 booktitle = {ISORC '05},
 year = {2005},
 isbn = {0-7695-2356-0},
 pages = {140--148},
 numpages = {9},
 doi = {10.1109/ISORC.2005.45},
 acmid = {1058989},
} 
@InProceedings{kumarres185,
 author = {Kumar, Vivek and Frampton, Daniel and Blackburn, Stephen M. and Grove, David and Tardieu, Olivier},
 title = {Work-stealing Without the Baggage},
 booktitle = {OOPSLA},
 year = {2012},
 isbn = {978-1-4503-1561-6},
 pages = {297--314},
 numpages = {18},
 doi = {10.1145/2384616.2384639},
 acmid = {2384639},
} 
@article{mellorcilk++,
  title={Cilk++, Parallel Performance, and the {C}ilk Runtime System},
  author={Mellor-Crummey, J.},
  year={2012},
  url={http://www.clear.rice.edu/comp422/lecture-notes/comp422-2012-Lecture5-Cilk++.pdf}
}
@inproceedings{DATX2009,
 author = {Duran, Alejandro and Teruel, Xavier and Ferrer, Roger and Martorell, Xavier and Ayguade, Eduard},
 title = {Barcelona {O}pen{MP} Tasks Suite: A Set of Benchmarks Targeting the Exploitation of Task Parallelism in {O}pen{MP}},
 booktitle = {ICPP '09},
 year = {2009},
 isbn = {978-0-7695-3802-0},
 pages = {124--131},
 numpages = {8},
 doi = {10.1109/ICPP.2009.64},
 acmid = {1679685},
} 
@inproceedings{KPGA2009,
 author = {Kambadur, Prabhanjan and Gupta, Anshul and Ghoting, Amol and Avron, Haim and Lumsdaine, Andrew},
 title = {{PF}unc: modern task parallelism for modern high performance computing},
 booktitle = {SC '09},
 year = {2009},
 isbn = {978-1-60558-744-8},
 pages = {43:1--43:11},
 articleno = {43},
 numpages = {11},
 doi = {10.1145/1654059.1654103},
 acmid = {1654103},
}

@inproceedings{FDBS2009,
 author = {Frampton, Daniel and Blackburn, Stephen M. and Cheng, Perry and Garner, Robin J. and Grove, David and Moss, J. Eliot B. and Salishev, Sergey I.},
 title = {Demystifying magic: high-level low-level programming},
 booktitle = {VEE '09},
 year = {2009},
 isbn = {978-1-60558-375-4},
 pages = {81--90},
 numpages = {10},
 doi = {10.1145/1508293.1508305},
 acmid = {1508305},
}

@inproceedings{TOWH2012,
 author = {Tardieu, Olivier and Wang, Haichuan and Lin, Haibo},
 title = {A Work-stealing Scheduler for {X}10's Task Parallelism with Suspension},
 booktitle = {PPoPP},
 year = {2012},
 isbn = {978-1-4503-1160-1},
 pages = {267--276},
 numpages = {10},
 doi = {10.1145/2145816.2145850},
 acmid = {2145850},
}

@INPROCEEDINGS{ed95onthe,
 author = {Loidl, Hans-Wolfgang and Hammond, Kevin},
 title = {On the Granularity of Divide-and-conquer Parallelism},
 booktitle = {FP'95},
 year = {1995},
 pages = {135--144},
 numpages = {10},
 url = {http://dl.acm.org/citation.cfm?id=2227330.2227343},
 acmid = {2227343},
} 

@inproceedings{DACJ2008,
 author = {Duran, Alejandro and Corbal\'{a}n, Julita and Ayguad{\'e}, Eduard},
 title = {Evaluation of {O}pen{MP} task scheduling strategies},
 booktitle = {IWOMP'08},
 year = {2008},
 isbn = {3-540-79560-X, 978-3-540-79560-5},
 pages = {100--110},
 numpages = {11},
 acmid = {1789838},
 url = {http://dl.acm.org/citation.cfm?id=1789826.1789838},
}

@inproceedings{iwomp16,
 author = {Grossman, Max and Shirako, Jun and Sarkar, Vivek},
 title = {OpenMP as a High-Level Specification Language for Parallelism},
 booktitle = {IWOMP'16},
 year = {2016}
}

@inproceedings{CGKSKSLD2008,
 author = {Cong, Guojing and Kodali, Sreedhar and Krishnamoorthy, Sriram and Lea, Doug and Saraswat, Vijay and Wen, Tong},
 title = {Solving Large, Irregular Graph Problems Using Adaptive Work-Stealing},
 booktitle = {ICPP},
 year = {2008},
 isbn = {978-0-7695-3374-2},
 pages = {536--545},
 numpages = {10},
 doi = {10.1109/ICPP.2008.88},
 acmid = {1442459},
}

@inproceedings{WLCH2010,
 author = {Wang, Lei and Cui, Huimin and Duan, Yuelu and Lu, Fang and Feng, Xiaobing and Yew, Pen-Chung},
 title = {An adaptive task creation strategy for work-stealing scheduling},
 booktitle = {CGO '10},
 year = {2010},
 isbn = {978-1-60558-635-9},
 pages = {266--277},
 numpages = {12},
 doi = {10.1145/1772954.1772992},
 acmid = {1772992},
} 

@inproceedings{CVZJ2011,
 author = {Cav\'{e}, Vincent and Zhao, Jisheng and Shirako, Jun and Sarkar, Vivek},
 title = {Habanero-{J}ava: the new adventures of old {X}10},
 booktitle = {PPPJ},
 year = {2011},
 isbn = {978-1-4503-0935-6},
 pages = {51--61},
 numpages = {11},
 doi = {10.1145/2093157.2093165},
 acmid = {2093165},
}

@Inproceedings{FMLC1998,
 author = {Frigo, Matteo and Leiserson, Charles E. and Randall, Keith H.},
 title = {The implementation of the {C}ilk-5 multithreaded language},
 booktitle = {PLDI},
 year = {1998},
 isbn = {0-89791-987-4},
 pages = {212--223},
 numpages = {12},
 doi = {10.1145/277650.277725},
 acmid = {277725},
}

@article{frigo1998cilk,
  title={The {C}ilk project},
  author={Frigo, M. and Prokop, H. and Frigo, M. and Leiserson, C.E. and Prokop, H. and Ramachandran, S. and Dailey, D. and Leiserson, C.E. and Lyubashevskiy, I.B. and Kushman, N.A. and others},
  journal={Algorithms},
  year={1998}
}

@Inproceedings{MEKDA91,
 author = {Mohr, Eric and Kranz, David A. and Halstead,Jr., Robert H.},
 title = {Lazy Task Creation: A Technique for Increasing the Granularity of Parallel Programs},
 booktitle = {LFP},
 year = {1990},
 isbn = {0-89791-368-X},
 pages = {185--197},
 numpages = {13},
 doi = {10.1145/91556.91631},
 acmid = {91631},
} 
@inproceedings{DL2000,
 author = {Lea, Doug},
 title = {A {Java Fork/Join} Framework},
 booktitle = {JAVA},
 year = {2000},
 isbn = {1-58113-288-3},
 pages = {36--43},
 numpages = {8},
 doi = {10.1145/337449.337465},
 acmid = {337465},
} 
@book{venners,
  title={{Inside the {J}ava virtual machine}},
  author={Venners, B.},
  isbn={0071350934},
  year={1999},
}

@article{jalapeno,
 title = {The {J}alape{\~n}o Virtual Machine},
  author={Alpern, B. and Attanasio, C.R. and Barton, J.J. and Burke, M.G. and Cheng, P. and Choi, J.D. and Cocchi, A. and Fink, S.J. and Grove, D. and Hind, M. and others},
  journal={IBM Systems Journal},
  volume={39},
  number={1},
  pages={211--238},
  issn={0018-8670},
  year={2010},
  doi = {10.1147/sj.391.0211},
}

@article{ABAC2000,
 author = {Alpern, B. and Attanasio, C. R. and Barton, J. J. and Burke, M. G. and Cheng, P. and Choi, J.-D. and Cocchi, A. and Fink, S. J. and Grove, D. and Hind, M. and Hummel, S. F. and Lieber, D. and Litvinov, V. and Mergen, M. F. and Ngo, T. and Russell, J. R. and Sarkar, V. and Serrano, M. J. and Shepherd, J. C. and Smith, S. E. and Sreedhar, V. C. and Srinivasan, H. and Whaley, J.},
 title = {The {J}alape{\~n}o Virtual Machine},
 journal = {IBM Syst. J.},
 issue_date = {January 2000},
 volume = {39},
 number = {1},
 month = jan,
 year = {2000},
 issn = {0018-8670},
 pages = {211--238},
 numpages = {28},
 doi = {10.1147/sj.391.0211},
 acmid = {1011400},
}

@conference{x10,
  title={{X10: an experimental language for high productivity programming of scalable systems}},
  author={Ebcioglu, K. and Saraswat, V. and Sarkar, V.},
  pages={45--52},
  year={2005},
  organization={Citeseer}
}

@article{chapel,
 author = {Chamberlain, B.L. and Callahan, D. and Zima, H.P.},
 title = {Parallel Programmability and the {C}hapel Language},
 journal = {Int. J. High Perform. Comput. Appl.},
 issue_date = {August    2007},
 volume = {21},
 number = {3},
 month = aug,
 year = {2007},
 issn = {1094-3420},
 pages = {291--312},
 numpages = {22},
 doi = {10.1177/1094342007078442},
 acmid = {1286123},
} 

@article{fortress,
  title={{The Fortress language specification}},
  author={Allen, E. and Chase, D. and Hallett, J. and Luchangco, V. and Maessen, J.W. and Ryu, S. and Steele Jr, G.L. and Tobin-Hochstadt, S. and Dias, J. and Eastlund, C. and others},
  journal={Sun Microsystems},
  volume={139},
  pages={140},
  year={2005},
}


@article{R1,
 author = {Moreira, J. E. and Midkiff, S. P. and Gupta, M. and Artigas, P. V. and Snir, M. and Lawrence, R. D.},
 title = {Java Programming for High-performance Numerical Computing},
 journal = {IBM Syst. J.},
 issue_date = {January 2000},
 volume = {39},
 number = {1},
 month = jan,
 year = {2000},
 issn = {0018-8670},
 pages = {21--56},
 numpages = {36},
 doi = {10.1147/sj.391.0021},
 acmid = {1011391},
}

@article{R2,
        Title = {http://oreilly.com/catalog/javapt/chapter/ch04.html},
}

@Inproceedings{FSJQ2003,
 author = {Fink, Stephen J. and Qian, Feng},
 title = {Design, Implementation and Evaluation of Adaptive Recompilation with On-stack Replacement},
 booktitle = {CGO '03},
 year = {2003},
 isbn = {0-7695-1913-X},
 pages = {241--252},
 numpages = {12},
 acmid = {776288},
}

@inproceedings{R4,
 author = {H\"{o}lzle, Urs and Chambers, Craig and Ungar, David},
 title = {Debugging Optimized Code with Dynamic Deoptimization},
 booktitle = {PLDI '92},
 year = {1992},
 isbn = {0-89791-475-9},
 pages = {32--43},
 numpages = {12},
 doi = {10.1145/143095.143114},
 acmid = {143114},
}

@phdthesis{R5,
 author = {Chambers, Craig David},
 title = {The Design and Implementation of the Self Compiler, an Optimizing Compiler for Object-oriented Programming Languages},
 year = {1992},
 school= {Stanford University},
}

@conference{R8,
  title={Experiences with an {SMP} implementation for {X10} based on the {Java} concurrency utilities},
  author={Barik, R. and Cav\'{e}, V. and Donawa, C. and Kielstra, A. and Peshansky, I. and Sarkar, V.},
  year={2006}
}

@inproceedings{CPGC2005,
 author = {Charles, Philippe and others},
 title = {X10: An Object-oriented Approach to Non-uniform Cluster Computing},
 booktitle = {OOPSLA},
 year = {2005},
 isbn = {1-59593-031-0},
 pages = {519--538},
 numpages = {20},
 doi = {10.1145/1094811.1094852},
 acmid = {1094852},
}

@inproceedings{R10,
 author = {Yi Guo and Barik, Rajkishore and Raman, Raghavan and Sarkar, Vivek},
 title = {Work-first and Help-first Scheduling Policies for Async-finish Task Parallelism},
 booktitle = {IPDPS '09},
 year = {2009},
 isbn = {978-1-4244-3751-1},
 pages = {1--12},
 numpages = {12},
 doi = {10.1109/IPDPS.2009.5161079},
 acmid = {1587670},
} 

@inproceedings{R12,
 author = {Burton, F. Warren and Sleep, M. Ronan},
 title = {Executing Functional Programs on a Virtual Tree of Processors},
 booktitle = {FPCA '81},
 year = {1981},
 isbn = {0-89791-060-5},
 pages = {187--194},
 numpages = {8},
 doi = {10.1145/800223.806778},
 acmid = {806778},
} 

@inproceedings{R13,
 author = {Halstead,Jr., Robert H.},
 title = {Implementation of {Multilisp: Lisp} on a Multiprocessor},
 booktitle = {LFP '84},
 year = {1984},
 isbn = {0-89791-142-3},
 pages = {9--17},
 numpages = {9},
 doi = {10.1145/800055.802017},
 acmid = {802017},
} 

@article{R14,
 author = {Blumofe, Robert D. and Leiserson, Charles E.},
 title = {Scheduling Multithreaded Computations by Work Stealing},
 journal = {J. ACM},
 issue_date = {Sept. 1999},
 volume = {46},
 number = {5},
 month = sep,
 year = {1999},
 issn = {0004-5411},
 pages = {720--748},
 numpages = {29},
 doi = {10.1145/324133.324234},
 acmid = {324234},
} 

@inproceedings{R16,
 author = {Zhao, Jisheng and Shirako, Jun and Nandivada, V. Krishna and Sarkar, Vivek},
 title = {Reducing Task Creation and Termination Overhead in Explicitly Parallel Programs},
 booktitle = {PACT '10},
 year = {2010},
 isbn = {978-1-4503-0178-7},
 pages = {169--180},
 numpages = {12},
 doi = {10.1145/1854273.1854298},
 acmid = {1854298},
} 

@inproceedings{R17,
 author = {Guo, Yi and Zhao, Jisheng and Cav\'{e}, Vincent and Sarkar, Vivek},
 title = {{SLAW}: A Scalable Locality-aware Adaptive Work-stealing Scheduler for Multi-core Systems},
 booktitle = {PPoPP '10},
 year = {2010},
 isbn = {978-1-60558-877-3},
 pages = {341--342},
 numpages = {2},
 doi = {10.1145/1693453.1693504},
 acmid = {1693504},
} 

@inproceedings{R18,
 author = {Wang, Lei and Cui, Huimin and Duan, Yuelu and Lu, Fang and Feng, Xiaobing and Yew, Pen-Chung},
 title = {An Adaptive Task Creation Strategy for Work-stealing Scheduling},
 booktitle = {CGO '10},
 year = {2010},
 isbn = {978-1-60558-635-9},
 pages = {266--277},
 numpages = {12},
 doi = {10.1145/1772954.1772992},
 acmid = {1772992},
} 

@misc{BoostFibers,
  title={{Boost C++ Libraries}},
  author={Oliver Kowalke},
  url={https://olk.github.io/libs/fiber/doc/html/}
}

@inproceedings{dinan:pgas:2014,
    author = {Dinan, James and Flajslik, Mario},
    title = {{Contexts: A Mechanism for High Throughput Communication in {OpenSHMEM}}},
    booktitle = {Proceedings of the 8th International Conference on Partitioned Global Address Space Programming Models},
    year = {2014},
    isbn = {978-1-4503-3247-7},
    location = {Eugene, OR, USA},
    pages = {10:1--10:9},
    articleno = {10},
    numpages = {9},
    url = {http://doi.acm.org/10.1145/2676870.2676872},
    doi = {10.1145/2676870.2676872},
    acmid = {2676872},
    publisher = {ACM},
    address = {New York, NY, USA},
} 

@Inbook{namashivayam:openshmem:2016,
    author="Namashivayam, Naveen
	and Knaak, David
	and Cernohous, Bob
	and Radcliffe, Nick
	and Pagel, Mark",
    title="An Evaluation of Thread-Safe and Contexts-Domains Features in Cray {SHMEM}",
    bookTitle="OpenSHMEM and Related Technologies. Enhancing OpenSHMEM for Hybrid Environments: Third Workshop, OpenSHMEM 2016, Baltimore, MD, USA, August 2 -- 4, 2016, Revised Selected Papers",
    year="2016",
    publisher="Springer International Publishing",
    address="Cham",
    pages="163--180",
    isbn="978-3-319-50995-2",
    doi="10.1007/978-3-319-50995-2_11",
    url="http://dx.doi.org/10.1007/978-3-319-50995-2_11"
}

@Inbook{tenbruggencate:openshmem:2014,
    author="ten Bruggencate, Monika
	and Roweth, Duncan
	and Oyanagi, Steve",
    title="Thread-Safe {SHMEM} Extensions",
    bookTitle="OpenSHMEM and Related Technologies. Experiences, Implementations, and Tools: First Workshop, OpenSHMEM 2014, Annapolis, MD, USA, March 4-6, 2014. Proceedings",
    year="2014",
    publisher="Springer International Publishing",
    address="Cham",
    pages="178--185",
    isbn="978-3-319-05215-1",
    doi="10.1007/978-3-319-05215-1_13",
    url="http://dx.doi.org/10.1007/978-3-319-05215-1_13"
}

@inproceedings{jost:openshmem:2014,
    author = {Jost, Gabriele and Hanebutte, Ulf R. and Dinan, James},
    title = {Multi-Threaded {OpenSHMEM}: A Bad Idea?},
    booktitle = {Proceedings of the 8th International Conference on Partitioned Global Address Space Programming Models},
    series = {PGAS '14},
    year = {2014},
    isbn = {978-1-4503-3247-7},
    location = {Eugene, OR, USA},
    pages = {21:1--21:4},
    articleno = {21},
    numpages = {4},
    url = {http://doi.acm.org/10.1145/2676870.2676890},
    doi = {10.1145/2676870.2676890},
    acmid = {2676890},
    publisher = {ACM},
    address = {New York, NY, USA},
    keywords = {OpenSHMEM, hybrid programming, threading},
} 

@TechReport{ mpi-3.1,
  author    = "{MPI Forum}",
  title     = "{MPI}: {A} Message-Passing Interface Standard Version 3.1",
  institution = "University of Tennessee, Knoxville",
  month     = "June",
  year      = "2015",
}

@techreport{ upc-13-spec,
    title = {{UPC} Language and Library Specifications, v1.3},
    author = {{UPC Consortium}},
    institution = {Lawrence Berkeley National Lab},
    number = {LBNL-6623E},
    month = nov,
    year = 2013
}

@misc{ openshmem-1.3,
    key={{OpenSHMEM Specification Committee}},
    title={{OpenSHMEM} Application Programming Interface, Version 1.3},
    month=feb,
    year=2016,
    howpublished={\url{http://www.openshmem.org}}
}

@INPROCEEDINGS{ potluri:2013,
    author={S. Potluri and D. Bureddy and H. Wang and H. Subramoni and D. K. Panda},
    booktitle={2013 IEEE 27th International Symposium on Parallel and Distributed Processing},
    title={Extending {OpenSHMEM} for {GPU} Computing},
    year={2013},
    pages={1001-1012},
    doi={10.1109/IPDPS.2013.104},
    ISSN={1530-2075},
    month={May}
}

@Inbook{ seager:openshmem:2016,
    author="Seager, Kayla
	and Choi, Sung-Eun
	and Dinan, James
	and Pritchard, Howard
	and Sur, Sayantan",
    title="Design and Implementation of {OpenSHMEM} Using {OFI} on the {Aries} Interconnect",
    bookTitle="OpenSHMEM and Related Technologies. Enhancing OpenSHMEM for Hybrid Environments: Third Workshop, OpenSHMEM 2016, Baltimore, MD, USA, August 2 -- 4, 2016, Revised Selected Papers",
    year="2016",
    publisher="Springer International Publishing",
    address="Cham",
    pages="97--113",
    isbn="978-3-319-50995-2",
    doi="10.1007/978-3-319-50995-2_7",
    url="http://dx.doi.org/10.1007/978-3-319-50995-2_7"
}

@misc{ sos,
    title={{Sandia OpenSHMEM}},
    key={Sandia OpenSHMEM},
    howpublished={\url{https://github.com/Sandia-OpenSHMEM/SOS}},
}

@TECHREPORT{ luszczek:05,
    author = {Piotr Luszczek and Jack J. Dongarra and David Koester and Rolf Rabenseifner and Bob Lucas and Jeremy Kepner and John Mccalpin and David Bailey and Daisuke Takahashi},
    title = {Introduction to the {HPC} Challenge Benchmark Suite},
    institution = {Lawrence Berkeley National Laboratory},
    number = {LBNL-57493},
    month = mar,
    year = {2005}
}
